preamble{
   "\def\cprime{$'$} "
}

@article {papasglu95,
    AUTHOR = {Papasoglu, P.},
     TITLE = {Strongly geodesically automatic groups are hyperbolic},
   JOURNAL = {Invent. Math.},
  FJOURNAL = {Inventiones Mathematicae},
    VOLUME = {121},
      YEAR = {1995},
    NUMBER = {2},
     PAGES = {323--334},
      ISSN = {0020-9910},
   MRCLASS = {20F32 (20F10 57M07)},
  MRNUMBER = {1346209},
MRREVIEWER = {Sarah E. Rees},
       DOI = {10.1007/BF01884301},
       URL = {https://doi.org/10.1007/BF01884301},
}

@book {geoghegan08,
    AUTHOR = {Geoghegan, Ross},
     TITLE = {Topological methods in group theory},
    SERIES = {Graduate Texts in Mathematics},
    VOLUME = {243},
 PUBLISHER = {Springer, New York},
      YEAR = {2008},
     PAGES = {xiv+473},
      ISBN = {978-0-387-74611-1},
   MRCLASS = {57M07 (20F65 20J05 55-02 55P57 57-02)},
  MRNUMBER = {2365352},
MRREVIEWER = {John G. Ratcliffe},
       DOI = {10.1007/978-0-387-74614-2},
       URL = {https://doi.org/10.1007/978-0-387-74614-2},
}

@book {engelking78,
    AUTHOR = {Engelking, Ryszard},
     TITLE = {Dimension theory},
      NOTE = {Translated from the Polish and revised by the author,
              North-Holland Mathematical Library, 19},
 PUBLISHER = {North-Holland Publishing Co., Amsterdam-Oxford-New York;
              PWN---Polish Scientific Publishers, Warsaw},
      YEAR = {1978},
     PAGES = {x+314 pp. (loose errata)},
      ISBN = {0-444-85176-3},
   MRCLASS = {54FXX},
  MRNUMBER = {0482697},
MRREVIEWER = {Teodor Przymusinski},
}

@article {makanin82,
    AUTHOR = {Makanin, G. S.},
     TITLE = {Equations in a free group},
   JOURNAL = {Izv. Akad. Nauk SSSR Ser. Mat.},
  FJOURNAL = {Izvestiya Akademii Nauk SSSR. Seriya Matematicheskaya},
    VOLUME = {46},
      YEAR = {1982},
    NUMBER = {6},
     PAGES = {1199--1273, 1344},
      ISSN = {0373-2436},
   MRCLASS = {20F05 (20E05 20M05)},
  MRNUMBER = {682490},
}

@article {ripssela95,
    AUTHOR = {Rips, E. and Sela, Z.},
     TITLE = {Canonical representatives and equations in hyperbolic groups},
   JOURNAL = {Invent. Math.},
  FJOURNAL = {Inventiones Mathematicae},
    VOLUME = {120},
      YEAR = {1995},
    NUMBER = {3},
     PAGES = {489--512},
      ISSN = {0020-9910},
   MRCLASS = {20F10 (03D40 20F32 57M07)},
  MRNUMBER = {1334482},
MRREVIEWER = {Athanase Papadopoulos},
       DOI = {10.1007/BF01241140},
       URL = {https://doi.org/10.1007/BF01241140},
}

@article {cashenmacura11,
    AUTHOR = {Cashen, Christopher H. and Macura, Nata{\v{s}}a},
     TITLE = {Line patterns in free groups},
   JOURNAL = {Geom. Topol.},
  FJOURNAL = {Geometry \& Topology},
    VOLUME = {15},
      YEAR = {2011},
    NUMBER = {3},
     PAGES = {1419--1475},
      ISSN = {1465-3060},
   MRCLASS = {20F65 (20E05)},
  MRNUMBER = {2825316},
MRREVIEWER = {Vitaly A. Roman{\cprime}kov},
       DOI = {10.2140/gt.2011.15.1419},
       URL = {http://dx.doi.org/10.2140/gt.2011.15.1419},
}

@article {cassonjungreis94,
    AUTHOR = {Casson, Andrew and Jungreis, Douglas},
     TITLE = {Convergence groups and {S}eifert fibered {$3$}-manifolds},
   JOURNAL = {Invent. Math.},
  FJOURNAL = {Inventiones Mathematicae},
    VOLUME = {118},
      YEAR = {1994},
    NUMBER = {3},
     PAGES = {441--456},
      ISSN = {0020-9910},
     CODEN = {INVMBH},
   MRCLASS = {57M50 (57M60 57N10)},
  MRNUMBER = {1296353},
MRREVIEWER = {G. Peter Scott},
       DOI = {10.1007/BF01231540},
       URL = {http://dx.doi.org/10.1007/BF01231540},
}

@article {dahmanigroves08a,
    AUTHOR = {Dahmani, Fran{\c{c}}ois and Groves, Daniel},
     TITLE = {Detecting free splittings in relatively hyperbolic groups},
   JOURNAL = {Trans. Amer. Math. Soc.},
  FJOURNAL = {Transactions of the American Mathematical Society},
    VOLUME = {360},
      YEAR = {2008},
    NUMBER = {12},
     PAGES = {6303--6318},
      ISSN = {0002-9947},
     CODEN = {TAMTAM},
   MRCLASS = {20F67 (20F10 20F65)},
  MRNUMBER = {2434288},
MRREVIEWER = {Ilya Kapovich},
       DOI = {10.1090/S0002-9947-08-04486-3},
       URL = {http://dx.doi.org/10.1090/S0002-9947-08-04486-3},
}

@article {dahmanigroves08b,
    AUTHOR = {Dahmani, Fran{\c{c}}ois and Groves, Daniel},
     TITLE = {The isomorphism problem for toral relatively hyperbolic
              groups},
   JOURNAL = {Publ. Math. Inst. Hautes \'Etudes Sci.},
  FJOURNAL = {Publications Math\'ematiques. Institut de Hautes \'Etudes
              Scientifiques},
    NUMBER = {107},
      YEAR = {2008},
     PAGES = {211--290},
      ISSN = {0073-8301},
   MRCLASS = {20F67 (20F10 20F65 57M50)},
  MRNUMBER = {2434694},
MRREVIEWER = {Michel Coornaert},
       DOI = {10.1007/s10240-008-0014-3},
       URL = {http://dx.doi.org/10.1007/s10240-008-0014-3},
}

@article {dahmani08,
    AUTHOR = {Dahmani, Fran{\c{c}}ois},
     TITLE = {Finding relative hyperbolic structures},
   JOURNAL = {Bull. Lond. Math. Soc.},
  FJOURNAL = {Bulletin of the London Mathematical Society},
    VOLUME = {40},
      YEAR = {2008},
    NUMBER = {3},
     PAGES = {395--404},
      ISSN = {0024-6093},
   MRCLASS = {20F67 (20F10)},
  MRNUMBER = {2418795},
       DOI = {10.1112/blms/bdn018},
       URL = {http://dx.doi.org/10.1112/blms/bdn018},
}

@article {gabai92,
    AUTHOR = {Gabai, David},
     TITLE = {Convergence groups are {F}uchsian groups},
   JOURNAL = {Ann. of Math. (2)},
  FJOURNAL = {Annals of Mathematics. Second Series},
    VOLUME = {136},
      YEAR = {1992},
    NUMBER = {3},
     PAGES = {447--510},
      ISSN = {0003-486X},
     CODEN = {ANMAAH},
   MRCLASS = {20H10 (57M07)},
  MRNUMBER = {1189862},
MRREVIEWER = {Alan W. Reid},
       DOI = {10.2307/2946597},
       URL = {http://dx.doi.org/10.2307/2946597},
}

@article {manning10,
    AUTHOR = {Manning, Jason Fox},
     TITLE = {Virtually geometric words and {W}hitehead's algorithm},
   JOURNAL = {Math. Res. Lett.},
  FJOURNAL = {Mathematical Research Letters},
    VOLUME = {17},
      YEAR = {2010},
    NUMBER = {5},
     PAGES = {917--925},
      ISSN = {1073-2780},
   MRCLASS = {20F65 (20E05)},
  MRNUMBER = {2727618},
MRREVIEWER = {Laura I. Ciobanu},
       DOI = {10.4310/MRL.2010.v17.n5.a9},
       URL = {http://dx.doi.org/10.4310/MRL.2010.v17.n5.a9},
}

@article {otal92,
    AUTHOR = {Otal, Jean-Pierre},
     TITLE = {Certaines relations d'\'equivalence sur l'ensemble des bouts
              d'un groupe libre},
   JOURNAL = {J. London Math. Soc. (2)},
  FJOURNAL = {Journal of the London Mathematical Society. Second Series},
    VOLUME = {46},
      YEAR = {1992},
    NUMBER = {1},
     PAGES = {123--139},
      ISSN = {0024-6107},
     CODEN = {JLMSAK},
   MRCLASS = {20F34},
  MRNUMBER = {1180888},
MRREVIEWER = {Julian Petresco},
       DOI = {10.1112/jlms/s2-46.1.123},
       URL = {http://dx.doi.org/10.1112/jlms/s2-46.1.123},
}

@article {scott83,
    AUTHOR = {Scott, Peter},
     TITLE = {The geometries of {$3$}-manifolds},
   JOURNAL = {Bull. London Math. Soc.},
  FJOURNAL = {The Bulletin of the London Mathematical Society},
    VOLUME = {15},
      YEAR = {1983},
    NUMBER = {5},
     PAGES = {401--487},
      ISSN = {0024-6093},
   MRCLASS = {57N10 (22E10 53C20)},
  MRNUMBER = {705527},
MRREVIEWER = {John Hempel},
       DOI = {10.1112/blms/15.5.401},
       URL = {http://dx.doi.org/10.1112/blms/15.5.401},
}

@article {tukia88,
    AUTHOR = {Tukia, Pekka},
     TITLE = {Homeomorphic conjugates of {F}uchsian groups},
   JOURNAL = {J. Reine Angew. Math.},
  FJOURNAL = {Journal f\"ur die Reine und Angewandte Mathematik},
    VOLUME = {391},
      YEAR = {1988},
     PAGES = {1--54},
      ISSN = {0075-4102},
     CODEN = {JRMAA8},
   MRCLASS = {30C60 (11F06 30F35 57S05)},
  MRNUMBER = {961162},
MRREVIEWER = {Gaven J. Martin},
       DOI = {10.1515/crll.1988.391.1},
       URL = {http://dx.doi.org/10.1515/crll.1988.391.1},
}

@incollection {gromov87,
    AUTHOR = {Gromov, M.},
     TITLE = {Hyperbolic groups},
 BOOKTITLE = {Essays in group theory},
    SERIES = {Math. Sci. Res. Inst. Publ.},
    VOLUME = {8},
     PAGES = {75--263},
 PUBLISHER = {Springer, New York},
      YEAR = {1987},
   MRCLASS = {20F32 (20F06 20F10 22E40 53C20 57R75 58F17)},
  MRNUMBER = {919829},
MRREVIEWER = {Christopher W. Stark},
       DOI = {10.1007/978-1-4613-9586-7_3},
       URL = {https://doi.org/10.1007/978-1-4613-9586-7_3},
}

@unpublished{manningwang18,
    author = {Manning, Jason Fox and Wang, Oliver},
     title = {Cohomology and the Bowditch Boundary},
      note = {arXiv:1806.07074},
      year = {2018},
     month = {June}
}

@unpublished{haulmark17,
    author = {Haulmark, Matthew},
     title = {Local cut points and splittings of relatively hyperbolic groups},
      note = {arXiv:1708.02855},
      year = {2017},
     month = {August}
}

@unpublished{barrett17,
    author = {Barrett, Benjamin},
     title = {Computing the Cech cohomology of decomposition spaces},
      note = {arXiv:1712.00890},
      year = {2017},
     month = {December}
}

@unpublished{pawlik15,
    author = {Pawlik, D.},
     title = {Gromov boundaries as Markov compacta},
      note = {arXiv:1503.04577},
      year = {2015},
     month = {March}
}

@unpublished{gerasimov,
    author = {Gerasimov, V.},
     title = {Detecting connectedness of the boundary of a hyperbolic group},
      note = {Unpublished}
}

@misc{bestvina,
  author={Bestvina, M.},
  title={Questions in geometric group theory},
  note={Unpublished},
  year={2004},
  month={July}
}

@incollection {papasoglu94,
    AUTHOR = {Papasoglu, P.},
     TITLE = {An algorithm detecting hyperbolicity},
 BOOKTITLE = {Geometric and computational perspectives on infinite groups
              ({M}inneapolis, {MN} and {N}ew {B}runswick, {NJ}, 1994)},
    SERIES = {DIMACS Ser. Discrete Math. Theoret. Comput. Sci.},
    VOLUME = {25},
     PAGES = {193--200},
 PUBLISHER = {Amer. Math. Soc., Providence, RI},
      YEAR = {1996},
   MRCLASS = {20F32 (20F10)},
  MRNUMBER = {1364185},
MRREVIEWER = {Nadia Benakli},
}

@article {guirardellevitt17,
    AUTHOR = {Guirardel, Vincent and Levitt, Gilbert},
     TITLE = {J{SJ} decompositions of groups},
   JOURNAL = {Ast\'erisque},
  FJOURNAL = {Ast\'erisque},
    NUMBER = {395},
      YEAR = {2017},
     PAGES = {vii+165},
      ISSN = {0303-1179},
      ISBN = {978-2-85629-870-1},
   MRCLASS = {20E08 (20E06 20E34 20F65 20F67 57M07)},
  MRNUMBER = {3758992},
}
		
@article {bestvinafeighn92,
    AUTHOR = {Bestvina, M. and Feighn, M.},
     TITLE = {A combination theorem for negatively curved groups},
   JOURNAL = {J. Differential Geom.},
  FJOURNAL = {Journal of Differential Geometry},
    VOLUME = {35},
      YEAR = {1992},
    NUMBER = {1},
     PAGES = {85--101},
      ISSN = {0022-040X},
   MRCLASS = {53C23 (57M50)},
  MRNUMBER = {1152226},
MRREVIEWER = {Tadeusz Januszkiewicz},
       URL = {http://projecteuclid.org/euclid.jdg/1214447806},
}
		

@article {bestvinafeighn91,
    AUTHOR = {Bestvina, Mladen and Feighn, Mark},
     TITLE = {Bounding the complexity of simplicial group actions on trees},
   JOURNAL = {Invent. Math.},
  FJOURNAL = {Inventiones Mathematicae},
    VOLUME = {103},
      YEAR = {1991},
    NUMBER = {3},
     PAGES = {449--469},
      ISSN = {0020-9910},
     CODEN = {INVMBH},
   MRCLASS = {20E08 (57M07)},
  MRNUMBER = {1091614},
MRREVIEWER = {Roger C. Alperin},
       DOI = {10.1007/BF01239522},
       URL = {http://dx.doi.org/10.1007/BF01239522},
}

@article {bestvinamess91,
    AUTHOR = {Bestvina, Mladen and Mess, Geoffrey},
     TITLE = {The boundary of negatively curved groups},
   JOURNAL = {J. Amer. Math. Soc.},
  FJOURNAL = {Journal of the American Mathematical Society},
    VOLUME = {4},
      YEAR = {1991},
    NUMBER = {3},
     PAGES = {469--481},
      ISSN = {0894-0347},
   MRCLASS = {20F32 (57M40)},
  MRNUMBER = {1096169},
MRREVIEWER = {Jerzy Dydak},
       DOI = {10.2307/2939264},
       URL = {http://dx.doi.org/10.2307/2939264},
}

@article {bierieckmann78,
    AUTHOR = {Bieri, Robert and Eckmann, Beno},
     TITLE = {Relative homology and {P}oincar\'e duality for group pairs},
   JOURNAL = {J. Pure Appl. Algebra},
  FJOURNAL = {Journal of Pure and Applied Algebra},
    VOLUME = {13},
      YEAR = {1978},
    NUMBER = {3},
     PAGES = {277--319},
      ISSN = {0022-4049},
   MRCLASS = {20J10 (57P10)},
  MRNUMBER = {509165},
MRREVIEWER = {Kenneth S. Brown},
       DOI = {10.1016/0022-4049(78)90012-9},
       URL = {http://dx.doi.org/10.1016/0022-4049(78)90012-9},
}

@article {bowditch98,
    AUTHOR = {Bowditch, Brian H.},
     TITLE = {Cut points and canonical splittings of hyperbolic groups},
   JOURNAL = {Acta Math.},
  FJOURNAL = {Acta Mathematica},
    VOLUME = {180},
      YEAR = {1998},
    NUMBER = {2},
     PAGES = {145--186},
      ISSN = {0001-5962},
     CODEN = {ACMAA8},
   MRCLASS = {20F32 (20E06 20E08 57M07)},
  MRNUMBER = {1638764},
MRREVIEWER = {Eric M. Freden},
       DOI = {10.1007/BF02392898},
       URL = {http://dx.doi.org/10.1007/BF02392898},
}

@article {bowditch99b,
    AUTHOR = {Bowditch, B. H.},
     TITLE = {Boundaries of geometrically finite groups},
   JOURNAL = {Math. Z.},
  FJOURNAL = {Mathematische Zeitschrift},
    VOLUME = {230},
      YEAR = {1999},
    NUMBER = {3},
     PAGES = {509--527},
      ISSN = {0025-5874},
     CODEN = {MAZEAX},
   MRCLASS = {20F65 (57M07)},
  MRNUMBER = {1680044},
MRREVIEWER = {Athanase Papadopoulos},
       DOI = {10.1007/PL00004703},
       URL = {http://dx.doi.org/10.1007/PL00004703},
}

@incollection {bowditch99c,
    AUTHOR = {Bowditch, B. H.},
     TITLE = {Convergence groups and configuration spaces},
 BOOKTITLE = {Geometric group theory down under ({C}anberra, 1996)},
     PAGES = {23--54},
 PUBLISHER = {de Gruyter, Berlin},
      YEAR = {1999},
   MRCLASS = {20F34 (20E08 57S30)},
  MRNUMBER = {1714838},
MRREVIEWER = {Fr{\'e}d{\'e}ric Paulin},
}

@article {bowditch01,
    AUTHOR = {Bowditch, B. H.},
     TITLE = {Peripheral splittings of groups},
   JOURNAL = {Trans. Amer. Math. Soc.},
  FJOURNAL = {Transactions of the American Mathematical Society},
    VOLUME = {353},
      YEAR = {2001},
    NUMBER = {10},
     PAGES = {4057--4082},
      ISSN = {0002-9947},
     CODEN = {TAMTAM},
   MRCLASS = {20F67 (05C25 20F65)},
  MRNUMBER = {1837220},
       DOI = {10.1090/S0002-9947-01-02835-5},
       URL = {http://dx.doi.org/10.1090/S0002-9947-01-02835-5},
}

@article {bowditch12,
    AUTHOR = {Bowditch, B. H.},
     TITLE = {Relatively hyperbolic groups},
   JOURNAL = {Internat. J. Algebra Comput.},
  FJOURNAL = {International Journal of Algebra and Computation},
    VOLUME = {22},
      YEAR = {2012},
    NUMBER = {3},
     PAGES = {1250016, 66},
      ISSN = {0218-1967},
   MRCLASS = {20F67 (20F65)},
  MRNUMBER = {2922380},
MRREVIEWER = {R{\'e}mi Bernard Coulon},
       DOI = {10.1142/S0218196712500166},
       URL = {http://dx.doi.org/10.1142/S0218196712500166},
}

@article {pansu89,
    AUTHOR = {Pansu, Pierre},
     TITLE = {Dimension conforme et sph\`ere \`a l'infini des vari\'et\'es \`a
              courbure n\'egative},
   JOURNAL = {Ann. Acad. Sci. Fenn. Ser. A I Math.},
  FJOURNAL = {Annales Academiae Scientiarum Fennicae. Series A I.
              Mathematica},
    VOLUME = {14},
      YEAR = {1989},
    NUMBER = {2},
     PAGES = {177--212},
      ISSN = {0066-1953},
   MRCLASS = {53C20 (30C60)},
  MRNUMBER = {1024425},
MRREVIEWER = {Gudlaugur Thorbergsson},
       DOI = {10.5186/aasfm.1989.1424},
       URL = {https://doi.org/10.5186/aasfm.1989.1424},
}
		

@article {champetier95,
    AUTHOR = {Champetier, Christophe},
     TITLE = {Propri\'et\'es statistiques des groupes de pr\'esentation finie},
   JOURNAL = {Adv. Math.},
  FJOURNAL = {Advances in Mathematics},
    VOLUME = {116},
      YEAR = {1995},
    NUMBER = {2},
     PAGES = {197--262},
      ISSN = {0001-8708},
   MRCLASS = {20F32 (20F05 20F06 57M07)},
  MRNUMBER = {1363765},
MRREVIEWER = {Michel Coornaert},
       DOI = {10.1006/aima.1995.1067},
       URL = {https://doi.org/10.1006/aima.1995.1067},
}
		

@book{gromov92,
  title={Asymptotic Invariants of Infinite Groups},
  author={Gromov, M.},
  url={https://books.google.co.uk/books?id=tVpeswEACAAJ},
  year={1992},
  publisher={Institut des hautes {\'e}tudes scientifiques}
}

@article{gromov03,
	abstract = "((no abstract)) .",
	author = "Gromov, M.",
	day = "01",
	doi = "10.1007/s000390300002",
	issn = "1420-8970",
	journal = "Geometric {\&} Functional Analysis GAFA",
	month = "Feb",
	number = "1",
	pages = "73–146",
	title = "{Random walk in random groups}",
	url = "https://doi.org/10.1007/s000390300002",
	volume = "13",
	year = "2003"
}

@incollection {ghysdelaharpe90,
    AUTHOR = {Ghys, \'Etienne and de la Harpe, Pierre},
     TITLE = {Espaces m\'etriques hyperboliques},
 BOOKTITLE = {Sur les groupes hyperboliques d'apr\`es {M}ikhael {G}romov
              ({B}ern, 1988)},
    SERIES = {Progr. Math.},
    VOLUME = {83},
     PAGES = {27--45},
 PUBLISHER = {Birkh\"auser Boston, Boston, MA},
      YEAR = {1990},
   MRCLASS = {53C23},
  MRNUMBER = {1086650},
       DOI = {10.1007/978-1-4684-9167-8_2},
       URL = {https://doi.org/10.1007/978-1-4684-9167-8_2},
}
		
@book {bridsonhaefliger99,
    AUTHOR = {Bridson, Martin R. and Haefliger, Andr{\'e}},
     TITLE = {Metric spaces of non-positive curvature},
    SERIES = {Grundlehren der Mathematischen Wissenschaften [Fundamental
              Principles of Mathematical Sciences]},
    VOLUME = {319},
 PUBLISHER = {Springer-Verlag, Berlin},
      YEAR = {1999},
     PAGES = {xxii+643},
      ISBN = {3-540-64324-9},
   MRCLASS = {53C23 (20F65 53C70 57M07)},
  MRNUMBER = {1744486},
MRREVIEWER = {Athanase Papadopoulos},
       DOI = {10.1007/978-3-662-12494-9},
       URL = {http://dx.doi.org/10.1007/978-3-662-12494-9},
}

@book {brown94,
    AUTHOR = {Brown, Kenneth S.},
     TITLE = {Cohomology of groups},
    SERIES = {Graduate Texts in Mathematics},
    VOLUME = {87},
      NOTE = {Corrected reprint of the 1982 original},
 PUBLISHER = {Springer-Verlag, New York},
      YEAR = {1994},
     PAGES = {x+306},
      ISBN = {0-387-90688-6},
   MRCLASS = {20J05 (20-02)},
  MRNUMBER = {1324339},
}

@article {dahmaniguirardel11,
    AUTHOR = {Dahmani, Fran{\c{c}}ois and Guirardel, Vincent},
     TITLE = {The isomorphism problem for all hyperbolic groups},
   JOURNAL = {Geom. Funct. Anal.},
  FJOURNAL = {Geometric and Functional Analysis},
    VOLUME = {21},
      YEAR = {2011},
    NUMBER = {2},
     PAGES = {223--300},
      ISSN = {1016-443X},
     CODEN = {GFANFB},
   MRCLASS = {20F67 (20E06 20E08 20E36 20F10 20F65 57M50)},
  MRNUMBER = {2795509},
MRREVIEWER = {Vassilis Metaftsis},
       DOI = {10.1007/s00039-011-0120-0},
       URL = {http://dx.doi.org/10.1007/s00039-011-0120-0},
}

@article {epsteinholt01,
    AUTHOR = {Epstein, David B. A. and Holt, Derek F.},
     TITLE = {Computation in word-hyperbolic groups},
   JOURNAL = {Internat. J. Algebra Comput.},
  FJOURNAL = {International Journal of Algebra and Computation},
    VOLUME = {11},
      YEAR = {2001},
    NUMBER = {4},
     PAGES = {467--487},
      ISSN = {0218-1967},
   MRCLASS = {20F67 (20F10)},
  MRNUMBER = {1850213},
MRREVIEWER = {Stephan Rosebrock},
       DOI = {10.1142/S0218196701000619},
       URL = {http://dx.doi.org/10.1142/S0218196701000619},
}

@article {grushko40,
  AUTHOR = {Grushko, I. A.},
  TITLE = {On the bases of a free product of groups},
  JOURNAL = {Mat. Sb.},
  VOLUME = {8},
  YEAR = {1940},
  PAGES = {169--182}
}

@article {grovesmanning08,
    AUTHOR = {Groves, Daniel and Manning, Jason Fox},
     TITLE = {Dehn filling in relatively hyperbolic groups},
   JOURNAL = {Israel J. Math.},
  FJOURNAL = {Israel Journal of Mathematics},
    VOLUME = {168},
      YEAR = {2008},
     PAGES = {317--429},
      ISSN = {0021-2172},
     CODEN = {ISJMAP},
   MRCLASS = {57M50},
  MRNUMBER = {2448064},
MRREVIEWER = {Colin C. Adams},
       DOI = {10.1007/s11856-008-1070-6},
       URL = {http://dx.doi.org/10.1007/s11856-008-1070-6},
}

@book {serre77,
    AUTHOR = {Serre, Jean-Pierre},
     TITLE = {Arbres, amalgames, {${\rm SL}\sb{2}$}},
      NOTE = {Avec un sommaire anglais,
              R{\'e}dig{\'e} avec la collaboration de Hyman Bass,
              Ast{\'e}risque, No. 46},
 PUBLISHER = {Soci\'et\'e Math\'ematique de France, Paris},
      YEAR = {1977},
     PAGES = {189 pp. (1 plate)},
   MRCLASS = {20H10 (22E40)},
  MRNUMBER = {0476875},
MRREVIEWER = {E. Vinberg},
}

@book {stallings71,
    AUTHOR = {Stallings, John},
     TITLE = {Group theory and three-dimensional manifolds},
      NOTE = {A James K. Whittemore Lecture in Mathematics given at Yale
              University, 1969,
              Yale Mathematical Monographs, 4},
 PUBLISHER = {Yale University Press, New Haven, Conn.-London},
      YEAR = {1971},
     PAGES = {v+65},
   MRCLASS = {57A10 (20E30)},
  MRNUMBER = {0415622},
MRREVIEWER = {Edward M. Bloomberg},
}

@article {stallings68,
    AUTHOR = {Stallings, John R.},
     TITLE = {On torsion-free groups with infinitely many ends},
   JOURNAL = {Ann. of Math. (2)},
  FJOURNAL = {Annals of Mathematics. Second Series},
    VOLUME = {88},
      YEAR = {1968},
     PAGES = {312--334},
      ISSN = {0003-486X},
   MRCLASS = {20.10},
  MRNUMBER = {0228573},
MRREVIEWER = {L. Neuwirth},
}

@article {yaman04,
    AUTHOR = {Yaman, Asli},
     TITLE = {A topological characterisation of relatively hyperbolic
              groups},
   JOURNAL = {J. Reine Angew. Math.},
  FJOURNAL = {Journal f\"ur die Reine und Angewandte Mathematik. [Crelle's
              Journal]},
    VOLUME = {566},
      YEAR = {2004},
     PAGES = {41--89},
      ISSN = {0075-4102},
   MRCLASS = {20F67 (54H11)},
  MRNUMBER = {2039323},
MRREVIEWER = {Jane Gilman},
       DOI = {10.1515/crll.2004.007},
       URL = {https://doi.org/10.1515/crll.2004.007},
}
		

@article {bowditch98c,
    AUTHOR = {Bowditch, Brian H.},
     TITLE = {A topological characterisation of hyperbolic groups},
   JOURNAL = {J. Amer. Math. Soc.},
  FJOURNAL = {Journal of the American Mathematical Society},
    VOLUME = {11},
      YEAR = {1998},
    NUMBER = {3},
     PAGES = {643--667},
      ISSN = {0894-0347},
   MRCLASS = {20F32 (53C23 54H15 57S30)},
  MRNUMBER = {1602069},
MRREVIEWER = {Jane Gilman},
       DOI = {10.1090/S0894-0347-98-00264-1},
       URL = {https://doi.org/10.1090/S0894-0347-98-00264-1},
}

@article {beardonmaskit74,
    AUTHOR = {Beardon, Alan F. and Maskit, Bernard},
     TITLE = {Limit points of {K}leinian groups and finite sided fundamental
              polyhedra},
   JOURNAL = {Acta Math.},
  FJOURNAL = {Acta Mathematica},
    VOLUME = {132},
      YEAR = {1974},
     PAGES = {1--12},
      ISSN = {0001-5962},
   MRCLASS = {30A58 (22E40)},
  MRNUMBER = {0333164},
MRREVIEWER = {C. Earle},
       DOI = {10.1007/BF02392106},
       URL = {https://doi.org/10.1007/BF02392106},
}

@article {farb98,
    AUTHOR = {Farb, B.},
     TITLE = {Relatively hyperbolic groups},
   JOURNAL = {Geom. Funct. Anal.},
  FJOURNAL = {Geometric and Functional Analysis},
    VOLUME = {8},
      YEAR = {1998},
    NUMBER = {5},
     PAGES = {810--840},
      ISSN = {1016-443X},
   MRCLASS = {20F32 (20F10 57M07)},
  MRNUMBER = {1650094},
MRREVIEWER = {Michel Coornaert},
       DOI = {10.1007/s000390050075},
       URL = {https://doi.org/10.1007/s000390050075},
}

@incollection {bowditch98b,
    AUTHOR = {Bowditch, B. H.},
     TITLE = {Boundaries of strongly accessible hyperbolic groups},
 BOOKTITLE = {The {E}pstein birthday schrift},
    SERIES = {Geom. Topol. Monogr.},
    VOLUME = {1},
     PAGES = {51--97},
 PUBLISHER = {Geom. Topol. Publ., Coventry},
      YEAR = {1998},
   MRCLASS = {20F67 (20E08 57M07)},
  MRNUMBER = {1668331},
MRREVIEWER = {John Meier},
       DOI = {10.2140/gtm.1998.1.51},
       URL = {https://doi.org/10.2140/gtm.1998.1.51},
}

@article {swarup96,
    AUTHOR = {Swarup, G. A.},
     TITLE = {On the cut point conjecture},
   JOURNAL = {Electron. Res. Announc. Amer. Math. Soc.},
  FJOURNAL = {Electronic Research Announcements of the American Mathematical
              Society},
    VOLUME = {2},
      YEAR = {1996},
    NUMBER = {2},
     PAGES = {98--100 (electronic)},
      ISSN = {1079-6762},
   MRCLASS = {20F32 (20J05 57M07)},
  MRNUMBER = {1412948},
MRREVIEWER = {Athanase Papadopoulos},
       DOI = {10.1090/S1079-6762-96-00013-3},
       URL = {http://dx.doi.org/10.1090/S1079-6762-96-00013-3},
}

@book {wilder49,
    AUTHOR = {Wilder, Raymond Louis},
     TITLE = {Topology of {M}anifolds},
    SERIES = {American Mathematical Society Colloquium Publications, vol.
              32},
 PUBLISHER = {American Mathematical Society, New York, N. Y.},
      YEAR = {1949},
     PAGES = {ix+402},
   MRCLASS = {56.0X},
  MRNUMBER = {0029491},
MRREVIEWER = {E. G. Begle},
}


@article {bowditch99a,
    AUTHOR = {Bowditch, B. H.},
     TITLE = {Connectedness properties of limit sets},
   JOURNAL = {Trans. Amer. Math. Soc.},
  FJOURNAL = {Transactions of the American Mathematical Society},
    VOLUME = {351},
      YEAR = {1999},
    NUMBER = {9},
     PAGES = {3673--3686},
      ISSN = {0002-9947},
     CODEN = {TAMTAM},
   MRCLASS = {20F65 (20E08 54F15)},
  MRNUMBER = {1624089},
MRREVIEWER = {Fr{\'e}d{\'e}ric Paulin},
       DOI = {10.1090/S0002-9947-99-02388-0},
       URL = {http://dx.doi.org/10.1090/S0002-9947-99-02388-0},
}

@article {manning15,
   author = {{Fox Manning}, J.},
    title = "{The Bowditch boundary of {$(G,\mathcal{H})$} when {$G$} is hyperbolic}",
  journal = {ArXiv e-prints},
archivePrefix = "arXiv",
   eprint = {1504.03630},
 primaryClass = "math.GR",
 keywords = {Mathematics - Group Theory},
     year = 2015,
    month = apr,
   adsurl = {http://adsabs.harvard.edu/abs/2015arXiv150403630F},
  adsnote = {Provided by the SAO/NASA Astrophysics Data System}
}

@article {buckleyholt13,
    AUTHOR = {Buckley, D. J. and Holt, Derek F.},
     TITLE = {The conjugacy problem in hyperbolic groups for finite lists of
               group elements},
   JOURNAL = {Internat. J. Algebra Comput.},
  FJOURNAL = {International Journal of Algebra and Computation},
    VOLUME = {23},
      YEAR = {2013},
    NUMBER = {5},
     PAGES = {1127--1150},
      ISSN = {0218-1967},
   MRCLASS = {20F67 (20F10)},
  MRNUMBER = {3096315},
MRREVIEWER = {Richard Weidmann},
       DOI = {10.1142/S0218196713500203},
       URL = {http://dx.doi.org/10.1142/S0218196713500203},
}

@incollection {kapovich96,
    AUTHOR = {Kapovich, Ilya},
     TITLE = {Detecting quasiconvexity: algorithmic aspects},
 BOOKTITLE = {Geometric and computational perspectives on infinite groups
               ({M}inneapolis, {MN} and {N}ew {B}runswick, {NJ}, 1994)},
    SERIES = {DIMACS Ser. Discrete Math. Theoret. Comput. Sci.},
    VOLUME = {25},
     PAGES = {91--99},
 PUBLISHER = {Amer. Math. Soc., Providence, RI},
      YEAR = {1996},
   MRCLASS = {20F10 (20F32)},
  MRNUMBER = {1364182},
MRREVIEWER = {Lawrence Reeves},
}

@incollection {millerneumannswarup99,
    AUTHOR = {Miller, III, C. F. and Neumann, Walter D. and Swarup, G. A.},
     TITLE = {Some examples of hyperbolic groups},
 BOOKTITLE = {Geometric group theory down under ({C}anberra, 1996)},
     PAGES = {195--202},
 PUBLISHER = {de Gruyter, Berlin},
      YEAR = {1999},
   MRCLASS = {20F67},
  MRNUMBER = {1714846},
MRREVIEWER = {Panos Papasoglu},
}

@article {ripssela94,
    AUTHOR = {Rips, E. and Sela, Z.},
     TITLE = {Structure and rigidity in hyperbolic groups. {I}},
   JOURNAL = {Geom. Funct. Anal.},
  FJOURNAL = {Geometric and Functional Analysis},
    VOLUME = {4},
      YEAR = {1994},
    NUMBER = {3},
     PAGES = {337--371},
      ISSN = {1016-443X},
     CODEN = {GFANFB},
   MRCLASS = {20F32 (20E08 57M07)},
  MRNUMBER = {1274119},
       DOI = {10.1007/BF01896245},
       URL = {http://dx.doi.org/10.1007/BF01896245},
}

@article {ripssela97,
    AUTHOR = {Rips, E. and Sela, Z.},
     TITLE = {Cyclic splittings of finitely presented groups and the
              canonical {JSJ} decomposition},
   JOURNAL = {Ann. of Math. (2)},
  FJOURNAL = {Annals of Mathematics. Second Series},
    VOLUME = {146},
      YEAR = {1997},
    NUMBER = {1},
     PAGES = {53--109},
      ISSN = {0003-486X},
     CODEN = {ANMAAH},
   MRCLASS = {20F32 (20E06 20F34 57M05 57M07)},
  MRNUMBER = {1469317},
MRREVIEWER = {Thomas Delzant},
       DOI = {10.2307/2951832},
       URL = {http://dx.doi.org/10.2307/2951832},
}

@article {sela97,
    AUTHOR = {Sela, Z.},
     TITLE = {Structure and rigidity in ({G}romov) hyperbolic groups and
              discrete groups in rank {$1$} {L}ie groups. {II}},
   JOURNAL = {Geom. Funct. Anal.},
  FJOURNAL = {Geometric and Functional Analysis},
    VOLUME = {7},
      YEAR = {1997},
    NUMBER = {3},
     PAGES = {561--593},
      ISSN = {1016-443X},
     CODEN = {GFANFB},
   MRCLASS = {20F32 (20E08 57M07)},
  MRNUMBER = {1466338},
MRREVIEWER = {Nadia Benakli},
       DOI = {10.1007/s000390050019},
       URL = {http://dx.doi.org/10.1007/s000390050019},
}

@incollection {millerneumannswarup96,
    AUTHOR = {Miller, III, C. F. and Neumann, Walter D. and Swarup, G. A.},
     TITLE = {Some examples of hyperbolic groups},
 BOOKTITLE = {Geometric group theory down under ({C}anberra, 1996)},
     PAGES = {195--202},
 PUBLISHER = {de Gruyter, Berlin},
      YEAR = {1999},
   MRCLASS = {20F67},
  MRNUMBER = {1714846},
MRREVIEWER = {Panos Papasoglu},
}

@incollection {jacoshalen79,
    AUTHOR = {Jaco, William and Shalen, Peter B.},
     TITLE = {Seifert fibered spaces in {$3$}-manifolds},
 BOOKTITLE = {Geometric topology ({P}roc. {G}eorgia {T}opology {C}onf.,
              {A}thens, {G}a., 1977)},
     PAGES = {91--99},
 PUBLISHER = {Academic Press, New York-London},
      YEAR = {1979},
   MRCLASS = {57N10},
  MRNUMBER = {537728},
MRREVIEWER = {Hugh M. Hilden},
}

@book {johannson79,
    AUTHOR = {Johannson, Klaus},
     TITLE = {Homotopy equivalences of\/ {$3$}-manifolds with boundaries},
    SERIES = {Lecture Notes in Mathematics},
    VOLUME = {761},
 PUBLISHER = {Springer, Berlin},
      YEAR = {1979},
     PAGES = {ii+303},
      ISBN = {3-540-09714-7},
   MRCLASS = {57N10},
  MRNUMBER = {551744},
MRREVIEWER = {John Hempel},
}

@article {fujiwarapapsoglu06,
    AUTHOR = {Fujiwara, K. and Papasoglu, P.},
     TITLE = {J{SJ}-decompositions of finitely presented groups and
              complexes of groups},
   JOURNAL = {Geom. Funct. Anal.},
  FJOURNAL = {Geometric and Functional Analysis},
    VOLUME = {16},
      YEAR = {2006},
    NUMBER = {1},
     PAGES = {70--125},
      ISSN = {1016-443X},
     CODEN = {GFANFB},
   MRCLASS = {20F65 (20E08 57M07)},
  MRNUMBER = {2221253},
MRREVIEWER = {Matt T. Clay},
       DOI = {10.1007/s00039-006-0550-2},
       URL = {http://dx.doi.org/10.1007/s00039-006-0550-2},
}

@article {dunwoody85,
    AUTHOR = {Dunwoody, M. J.},
     TITLE = {The accessibility of finitely presented groups},
   JOURNAL = {Invent. Math.},
  FJOURNAL = {Inventiones Mathematicae},
    VOLUME = {81},
      YEAR = {1985},
    NUMBER = {3},
     PAGES = {449--457},
      ISSN = {0020-9910},
   MRCLASS = {20E06 (54H99 57M99)},
  MRNUMBER = {807066},
MRREVIEWER = {D. E. Cohen},
       DOI = {10.1007/BF01388581},
       URL = {https://doi.org/10.1007/BF01388581},
}
@article {cullervogtmann86,
    AUTHOR = {Culler, Marc and Vogtmann, Karen},
     TITLE = {Moduli of graphs and automorphisms of free groups},
   JOURNAL = {Invent. Math.},
  FJOURNAL = {Inventiones Mathematicae},
    VOLUME = {84},
      YEAR = {1986},
    NUMBER = {1},
     PAGES = {91--119},
      ISSN = {0020-9910},
   MRCLASS = {20F28 (20J05 57S30)},
  MRNUMBER = {830040},
MRREVIEWER = {Christopher W. Stark},
       DOI = {10.1007/BF01388734},
       URL = {https://doi.org/10.1007/BF01388734},
}

@incollection {dunwoody93,
    AUTHOR = {Dunwoody, Martin J.},
     TITLE = {An inaccessible group},
 BOOKTITLE = {Geometric group theory, {V}ol.\ 1 ({S}ussex, 1991)},
    SERIES = {London Math. Soc. Lecture Note Ser.},
    VOLUME = {181},
     PAGES = {75--78},
 PUBLISHER = {Cambridge Univ. Press, Cambridge},
      YEAR = {1993},
   MRCLASS = {20F32 (57M07)},
  MRNUMBER = {1238516},
       DOI = {10.1017/CBO9780511661860.007},
       URL = {https://doi.org/10.1017/CBO9780511661860.007},
}
		
@article {dunwoodysageev99,
    AUTHOR = {Dunwoody, M. J. and Sageev, M. E.},
     TITLE = {J{SJ}-splittings for finitely presented groups over slender
              groups},
   JOURNAL = {Invent. Math.},
  FJOURNAL = {Inventiones Mathematicae},
    VOLUME = {135},
      YEAR = {1999},
    NUMBER = {1},
     PAGES = {25--44},
      ISSN = {0020-9910},
     CODEN = {INVMBH},
   MRCLASS = {20F65 (20E06 20E08 57M05 57M07 57N10)},
  MRNUMBER = {1664694},
MRREVIEWER = {Thomas Delzant},
       DOI = {10.1007/s002220050278},
       URL = {http://dx.doi.org/10.1007/s002220050278},
}

@incollection {paulin91,
    AUTHOR = {Paulin, Fr{\'e}d{\'e}ric},
     TITLE = {Outer automorphisms of hyperbolic groups and small actions on
              {${\bf R}$}-trees},
 BOOKTITLE = {Arboreal group theory ({B}erkeley, {CA}, 1988)},
    SERIES = {Math. Sci. Res. Inst. Publ.},
    VOLUME = {19},
     PAGES = {331--343},
 PUBLISHER = {Springer, New York},
      YEAR = {1991},
   MRCLASS = {57M07 (20E08 20F28)},
  MRNUMBER = {1105339},
MRREVIEWER = {Alain Valette},
       DOI = {10.1007/978-1-4612-3142-4_12},
       URL = {http://dx.doi.org/10.1007/978-1-4612-3142-4_12},
}

@article {levitt05,
    AUTHOR = {Levitt, Gilbert},
     TITLE = {Automorphisms of hyperbolic groups and graphs of groups},
   JOURNAL = {Geom. Dedicata},
  FJOURNAL = {Geometriae Dedicata},
    VOLUME = {114},
      YEAR = {2005},
     PAGES = {49--70},
      ISSN = {0046-5755},
     CODEN = {GEMDAT},
   MRCLASS = {20F28 (20F67)},
  MRNUMBER = {2174093},
MRREVIEWER = {Oleg Bogopol{\cprime}ski{\u\i}},
       DOI = {10.1007/s10711-004-1492-1},
       URL = {http://dx.doi.org/10.1007/s10711-004-1492-1},
}

@article {touikan09,
    AUTHOR = {Touikan, Nicholas W. M.},
     TITLE = {Detecting geometric splittings in finitely presented groups},
   JOURNAL = {Trans. Amer. Math. Soc.},
  FJOURNAL = {Transactions of the American Mathematical Society},
    VOLUME = {370},
      YEAR = {2018},
    NUMBER = {8},
     PAGES = {5635--5704},
      ISSN = {0002-9947},
   MRCLASS = {20E06 (20E08 20F10 57M05)},
  MRNUMBER = {3803145},
       DOI = {10.1090/tran/7152},
       URL = {https://doi.org/10.1090/tran/7152},
}

@article {dahmanitouikan13,
   author = {{Dahmani}, F. and {Touikan}, N.},
    title = "{Isomorphisms using Dehn fillings: the splitting case}",
  journal = {ArXiv e-prints},
archivePrefix = "arXiv",
   eprint = {1311.3937},
 primaryClass = "math.GR",
 keywords = {Mathematics - Group Theory, Mathematics - Geometric Topology, 20F10, 20F65},
     year = 2013,
    month = nov,
   adsurl = {http://adsabs.harvard.edu/abs/2013arXiv1311.3937D},
  adsnote = {Provided by the SAO/NASA Astrophysics Data System}
}

@article {groff13,
    AUTHOR = {Groff, Bradley W.},
     TITLE = {Quasi-isometries, boundaries and {JSJ}-decompositions of
              relatively hyperbolic groups},
   JOURNAL = {J. Topol. Anal.},
  FJOURNAL = {Journal of Topology and Analysis},
    VOLUME = {5},
      YEAR = {2013},
    NUMBER = {4},
     PAGES = {451--475},
      ISSN = {1793-5253},
   MRCLASS = {57M50 (20F67)},
  MRNUMBER = {3152211},
MRREVIEWER = {Mark F. Hagen},
}
		
@incollection {scottwall80,
    AUTHOR = {Scott, Peter and Wall, Terry},
     TITLE = {Topological methods in group theory},
 BOOKTITLE = {Homological group theory ({P}roc. {S}ympos., {D}urham, 1977)},
    SERIES = {London Math. Soc. Lecture Note Ser.},
    VOLUME = {36},
     PAGES = {137--203},
 PUBLISHER = {Cambridge Univ. Press, Cambridge-New York},
      YEAR = {1979},
   MRCLASS = {57M05 (20E06)},
  MRNUMBER = {564422},
MRREVIEWER = {W. Jaco},
}

@book{epstein92,
  isbn = {9781439865699},
  year = {1992},
  title = {Word Processing in Groups},
  copyright = {<b>Conditions of use:</b><br/>Available on designated PCs in main University Library and Affiliated Libraries only. <a href="http://www.lib.cam.ac.uk/collections/departments/legal-deposit/access-electronic-legal-deposit">Click for more information</a>.},
  language = {eng},
  author = {Epstein, D. B. A.},
  keywords = {Sequential machine theory; Group theory; Formal languages; MATHEMATICS / General; Electronic books},
  publisher = {A {K} Peters},
  month = {November}
}


@incollection {kapovichbenakli02,
    AUTHOR = {Kapovich, Ilya and Benakli, Nadia},
     TITLE = {Boundaries of hyperbolic groups},
 BOOKTITLE = {Combinatorial and geometric group theory ({N}ew {Y}ork,
              2000/{H}oboken, {NJ}, 2001)},
    SERIES = {Contemp. Math.},
    VOLUME = {296},
     PAGES = {39--93},
 PUBLISHER = {Amer. Math. Soc., Providence, RI},
      YEAR = {2002},
   MRCLASS = {20F67},
  MRNUMBER = {1921706},
       DOI = {10.1090/conm/296/05068},
       URL = {https://doi.org/10.1090/conm/296/05068},
}
		
@book {coornaertdelzantpapadopoulos90,
    AUTHOR = {Coornaert, M. and Delzant, T. and Papadopoulos, A.},
     TITLE = {G\'eom\'etrie et th\'eorie des groupes},
    SERIES = {Lecture Notes in Mathematics},
    VOLUME = {1441},
      NOTE = {Les groupes hyperboliques de Gromov. [Gromov hyperbolic
              groups],
              With an English summary},
 PUBLISHER = {Springer-Verlag, Berlin},
      YEAR = {1990},
     PAGES = {x+165},
      ISBN = {3-540-52977-2},
   MRCLASS = {57M07 (20F32)},
  MRNUMBER = {1075994},
MRREVIEWER = {John Meier},
}

@article{barrett18,
  author = {Barrett, Benjamin},
  title = {Computing {JSJ} decompositions of hyperbolic groups},
  year = {2018},
  journal = {Journal of Topology},
  volume = {11},
  number = {2},
  pages = {527-558},
  keywords = {20F67 (primary), 20E08, 20F10, 20F65, 57M07 (secondary)},
  doi = {10.1112/topo.12059},
  url = {https://londmathsoc.onlinelibrary.wiley.com/doi/abs/10.1112/topo.12059},
  eprint = {https://londmathsoc.onlinelibrary.wiley.com/doi/pdf/10.1112/topo.12059}
}

@article {papasoglu95,
    AUTHOR = {Papasoglu, P.},
     TITLE = {Strongly geodesically automatic groups are hyperbolic},
   JOURNAL = {Invent. Math.},
  FJOURNAL = {Inventiones Mathematicae},
    VOLUME = {121},
      YEAR = {1995},
    NUMBER = {2},
     PAGES = {323--334},
      ISSN = {0020-9910},
   MRCLASS = {20F32 (20F10 57M07)},
  MRNUMBER = {1346209},
MRREVIEWER = {Sarah E. Rees},
       DOI = {10.1007/BF01884301},
       URL = {https://doi.org/10.1007/BF01884301}
}

@book {boileaumaillotporti03,
    AUTHOR = {Boileau, Michel and Maillot, Sylvain and Porti, Joan},
     TITLE = {Three-dimensional orbifolds and their geometric structures},
    SERIES = {Panoramas et Synth\`eses [Panoramas and Syntheses]},
    VOLUME = {15},
 PUBLISHER = {Soci\'et\'e Math\'ematique de France, Paris},
      YEAR = {2003},
     PAGES = {viii+167},
      ISBN = {2-85629-152-X},
   MRCLASS = {57M50 (20F69 53C23 57M60 57N10)},
  MRNUMBER = {2060653},
MRREVIEWER = {Darryl McCullough}
}

@article {bridsonhowie05,
    AUTHOR = {Bridson, Martin R. and Howie, James},
     TITLE = {Conjugacy of finite subsets in hyperbolic groups},
   JOURNAL = {Internat. J. Algebra Comput.},
  FJOURNAL = {International Journal of Algebra and Computation},
    VOLUME = {15},
      YEAR = {2005},
    NUMBER = {4},
     PAGES = {725--756},
      ISSN = {0218-1967},
   MRCLASS = {20F67 (20F10 57M07 94A60)},
  MRNUMBER = {2160576},
MRREVIEWER = {Goulnara N. Arzhantseva},
       DOI = {10.1142/S0218196705002529},
       URL = {https://doi.org/10.1142/S0218196705002529}
}

@book {lyndonschupp77,
    AUTHOR = {Lyndon, Roger C. and Schupp, Paul E.},
     TITLE = {Combinatorial group theory},
      NOTE = {Ergebnisse der Mathematik und ihrer Grenzgebiete, Band 89},
 PUBLISHER = {Springer-Verlag, Berlin-New York},
      YEAR = {1977},
     PAGES = {xiv+339},
      ISBN = {3-540-07642-5},
   MRCLASS = {20F05 (55A05)},
  MRNUMBER = {0577064},
MRREVIEWER = {Ian M. Chiswell}
}

@article {tran13,
    AUTHOR = {Tran, Hung Cong},
     TITLE = {Relations between various boundaries of relatively hyperbolic
              groups},
   JOURNAL = {Internat. J. Algebra Comput.},
  FJOURNAL = {International Journal of Algebra and Computation},
    VOLUME = {23},
      YEAR = {2013},
    NUMBER = {7},
     PAGES = {1551--1572},
      ISSN = {0218-1967},
   MRCLASS = {20F65 (20F67)},
  MRNUMBER = {3143594},
MRREVIEWER = {Vassilis Metaftsis},
       DOI = {10.1142/S0218196713500367},
       URL = {https://doi.org/10.1142/S0218196713500367},
}

@book {eilenbergsteenrod52,
    AUTHOR = {Eilenberg, Samuel and Steenrod, Norman},
     TITLE = {Foundations of algebraic topology},
 PUBLISHER = {Princeton University Press, Princeton, New Jersey},
      YEAR = {1952},
     PAGES = {xv+328},
   MRCLASS = {56.0X},
  MRNUMBER = {0050886},
MRREVIEWER = {H. Cartan},
}

@article {zeeman64,
    AUTHOR = {Zeeman, E. C.},
     TITLE = {Relative simplicial approximation},
   JOURNAL = {Proc. Cambridge Philos. Soc.},
  FJOURNAL = {Proceedings of the Cambridge Philosophical Society},
    VOLUME = {60},
      YEAR = {1964},
     PAGES = {39--43},
      ISSN = {0008-1981},
   MRCLASS = {55.25},
  MRNUMBER = {158403},
MRREVIEWER = {M. L. Curtis},
       DOI = {10.1017/s0305004100037415},
       URL = {https://doi.org/10.1017/s0305004100037415},
}
			
